%YAML 1.1
%TAG !u! tag:unity3d.com,2011:
--- !u!1 &427378627835176228
GameObject:
  m_ObjectHideFlags: 0
  m_CorrespondingSourceObject: {fileID: 0}
  m_PrefabInstance: {fileID: 0}
  m_PrefabAsset: {fileID: 0}
  serializedVersion: 6
  m_Component:
  - component: {fileID: 9064858320021821255}
  - component: {fileID: 4605131039656491028}
  - component: {fileID: 669491405713122211}
  - component: {fileID: 1375165978049220933}
  - component: {fileID: 1248420340027872797}
  - component: {fileID: 7736041919349155386}
  m_Layer: 0
  m_Name: Quad
  m_TagString: Untagged
  m_Icon: {fileID: 0}
  m_NavMeshLayer: 0
  m_StaticEditorFlags: 0
  m_IsActive: 1
--- !u!4 &9064858320021821255
Transform:
  m_ObjectHideFlags: 0
  m_CorrespondingSourceObject: {fileID: 0}
  m_PrefabInstance: {fileID: 0}
  m_PrefabAsset: {fileID: 0}
  m_GameObject: {fileID: 427378627835176228}
  m_LocalRotation: {x: -0, y: -0, z: -0, w: 1}
  m_LocalPosition: {x: 0, y: 17, z: 0}
  m_LocalScale: {x: 12, y: 12, z: 12}
  m_Children: []
  m_Father: {fileID: 8739673245056232584}
  m_RootOrder: 0
  m_LocalEulerAnglesHint: {x: 0, y: 0, z: 0}
--- !u!33 &4605131039656491028
MeshFilter:
  m_ObjectHideFlags: 0
  m_CorrespondingSourceObject: {fileID: 0}
  m_PrefabInstance: {fileID: 0}
  m_PrefabAsset: {fileID: 0}
  m_GameObject: {fileID: 427378627835176228}
  m_Mesh: {fileID: 10210, guid: 0000000000000000e000000000000000, type: 0}
--- !u!23 &669491405713122211
MeshRenderer:
  m_ObjectHideFlags: 0
  m_CorrespondingSourceObject: {fileID: 0}
  m_PrefabInstance: {fileID: 0}
  m_PrefabAsset: {fileID: 0}
  m_GameObject: {fileID: 427378627835176228}
  m_Enabled: 1
  m_CastShadows: 0
  m_ReceiveShadows: 0
  m_DynamicOccludee: 1
  m_MotionVectors: 1
  m_LightProbeUsage: 1
  m_ReflectionProbeUsage: 1
  m_RenderingLayerMask: 1
  m_RendererPriority: 0
  m_Materials:
  - {fileID: 2100000, guid: ef54fa308d5bc2240952dc9508b9036b, type: 2}
  m_StaticBatchInfo:
    firstSubMesh: 0
    subMeshCount: 0
  m_StaticBatchRoot: {fileID: 0}
  m_ProbeAnchor: {fileID: 0}
  m_LightProbeVolumeOverride: {fileID: 0}
  m_ScaleInLightmap: 1
  m_PreserveUVs: 0
  m_IgnoreNormalsForChartDetection: 0
  m_ImportantGI: 0
  m_StitchLightmapSeams: 0
  m_SelectedEditorRenderState: 3
  m_MinimumChartSize: 4
  m_AutoUVMaxDistance: 0.5
  m_AutoUVMaxAngle: 89
  m_LightmapParameters: {fileID: 0}
  m_SortingLayerID: 0
  m_SortingLayer: 0
  m_SortingOrder: 0
--- !u!64 &1375165978049220933
MeshCollider:
  m_ObjectHideFlags: 0
  m_CorrespondingSourceObject: {fileID: 0}
  m_PrefabInstance: {fileID: 0}
  m_PrefabAsset: {fileID: 0}
  m_GameObject: {fileID: 427378627835176228}
  m_Material: {fileID: 0}
  m_IsTrigger: 0
  m_Enabled: 1
  serializedVersion: 3
  m_Convex: 0
  m_CookingOptions: 14
  m_Mesh: {fileID: 10210, guid: 0000000000000000e000000000000000, type: 0}
--- !u!114 &1248420340027872797
MonoBehaviour:
  m_ObjectHideFlags: 0
  m_CorrespondingSourceObject: {fileID: 0}
  m_PrefabInstance: {fileID: 0}
  m_PrefabAsset: {fileID: 0}
  m_GameObject: {fileID: 427378627835176228}
  m_Enabled: 1
  m_EditorHideFlags: 0
  m_Script: {fileID: 11500000, guid: 32aee75972b1e6f4f9c6d7aa97f26859, type: 3}
  m_Name: 
  m_EditorClassIdentifier: 
--- !u!114 &7736041919349155386
MonoBehaviour:
  m_ObjectHideFlags: 0
  m_CorrespondingSourceObject: {fileID: 0}
  m_PrefabInstance: {fileID: 0}
  m_PrefabAsset: {fileID: 0}
  m_GameObject: {fileID: 427378627835176228}
  m_Enabled: 1
  m_EditorHideFlags: 0
  m_Script: {fileID: 11500000, guid: 5f8f2f5dd4988c94b8bdacbf7485f29b, type: 3}
  m_Name: 
  m_EditorClassIdentifier: 
  parameter: trafficSig
  sprites:
  - {fileID: 2800000, guid: 8886506143d718447b108deea61eb190, type: 3}
  - {fileID: 2800000, guid: cdcb6a8fff2312249abf4fc11265dc50, type: 3}
  - {fileID: 2800000, guid: 41ad7f054d01a3342908c041b1700027, type: 3}
  - {fileID: 2800000, guid: 861ff5d4cfb3ef84497d3ec4f83374f4, type: 3}
  - {fileID: 2800000, guid: 554ae1d21efa5ed46a2ab3c054aea64d, type: 3}
  - {fileID: 2800000, guid: 547aa3c36786d8f48a78d2991ba3f0dc, type: 3}
  - {fileID: 2800000, guid: 67e8966c9fde24849bd33c6df8e64745, type: 3}
  - {fileID: 2800000, guid: 4228887b876dda443ac34f76f4f2666e, type: 3}
  - {fileID: 2800000, guid: 43839fe49c38f0943bca79149a8c20fc, type: 3}
  - {fileID: 2800000, guid: 5fae8aeadaa297e4a9da71a061891bd3, type: 3}
  - {fileID: 2800000, guid: becaab4d858f8c949bbf656657db3404, type: 3}
  - {fileID: 2800000, guid: 62f649a3e4e11f949b2287dada688cc7, type: 3}
  - {fileID: 2800000, guid: 37be95b8d4d093148a0095e8aa1a4d68, type: 3}
  - {fileID: 2800000, guid: 3246018d52c23a047a730b39924ecbf9, type: 3}
  - {fileID: 2800000, guid: 175aa0d4dd94e744eabd0c94ec26fac6, type: 3}
  - {fileID: 2800000, guid: 3d489cabcbe76c84abfff37ef0911be8, type: 3}
  - {fileID: 2800000, guid: 41801d4f25f172a4f98b538cda9995bd, type: 3}
  - {fileID: 2800000, guid: df1b6a36e33431940985325d8289cab4, type: 3}
  - {fileID: 2800000, guid: 774a87a4788adab47a150e8d5f03fb8f, type: 3}
  - {fileID: 2800000, guid: f68f581dc7f131b488a71dad2843a79a, type: 3}
--- !u!1 &2820489631830983115
GameObject:
  m_ObjectHideFlags: 0
  m_CorrespondingSourceObject: {fileID: 0}
  m_PrefabInstance: {fileID: 0}
  m_PrefabAsset: {fileID: 0}
  serializedVersion: 6
  m_Component:
  - component: {fileID: 8739673245056232584}
  m_Layer: 0
  m_Name: Access_RestrictionsPrefab
  m_TagString: Untagged
  m_Icon: {fileID: 0}
  m_NavMeshLayer: 0
  m_StaticEditorFlags: 0
  m_IsActive: 1
--- !u!4 &8739673245056232584
Transform:
  m_ObjectHideFlags: 0
  m_CorrespondingSourceObject: {fileID: 0}
  m_PrefabInstance: {fileID: 0}
  m_PrefabAsset: {fileID: 0}
  m_GameObject: {fileID: 2820489631830983115}
  m_LocalRotation: {x: 0, y: 0, z: 0, w: 1}
  m_LocalPosition: {x: 0, y: 0, z: 0}
  m_LocalScale: {x: 1, y: 1, z: 1}
  m_Children:
  - {fileID: 9064858320021821255}
  m_Father: {fileID: 0}
  m_RootOrder: 0
  m_LocalEulerAnglesHint: {x: 0, y: 0, z: 0}
